<?xml version="1.0" encoding="UTF-8"?><collection xmlns="http://www.loc.gov/MARC21/slim"><record><leader>00338nam--2200121-i-4500</leader><controlfield tag="001">000038553</controlfield><controlfield tag="002">20161230</controlfield><controlfield tag="005">20161230201041</controlfield><controlfield tag="008">060222s1000------------r-----000-0-eng-d</controlfield><datafield ind1=" " ind2=" " tag="080"><subfield code="a">34(083)</subfield></datafield><datafield ind1=" " ind2=" " tag="245"><subfield code="a">Repertoriul legislatiei r.s.r.in vigoare la 1 ian.1987. legi si decrete</subfield></datafield><datafield ind1=" " ind2=" " tag="260"><subfield code="a">Bucuresti, Cons.Legislativ, 1987, 406p</subfield></datafield><datafield ind1=" " ind2=" " tag="852"><subfield code="a">74017</subfield></datafield></record></collection>